% BCG Classifier References - Comprehensive Bibliography
% Generated for scientific publication
% Updated with recent 2023-2025 research

% ============================================================================
% Recent BCG Identification with Machine Learning (2024-2025)
% ============================================================================

@ARTICLE{Janulewicz2025,
   author = {{Janulewicz}, P. and {Webb}, T.~M.~A. and {Perreault-Levasseur}, L.},
    title = "{Using Neural Networks to Automate the Identification of Brightest Cluster Galaxies in Large Surveys}",
  journal = {arXiv e-prints},
 keywords = {Astrophysics - Astrophysics of Galaxies, Astrophysics - Instrumentation and Methods for Astrophysics},
     year = 2025,
    month = feb,
      eid = {arXiv:2502.00104},
    pages = {arXiv:2502.00104},
archivePrefix = {arXiv},
   eprint = {2502.00104},
 primaryClass = {astro-ph.GA},
   adsurl = {https://ui.adsabs.harvard.edu/abs/2025arXiv250200104J},
  adsnote = {Provided by the SAO/NASA Astrophysics Data System}
}

@ARTICLE{Ma2024sOPTICS,
   author = {{Ma}, H.-X. and {Takeuchi}, T.~T. and {Cooray}, S. and {Zhu}, Y.},
    title = "{sOPTICS: A Modified Density-Based Algorithm for Identifying Galaxy Groups/Clusters and Brightest Cluster Galaxies}",
  journal = {arXiv e-prints},
     year = 2024,
    month = may,
      eid = {arXiv:2405.09855},
    pages = {arXiv:2405.09855},
archivePrefix = {arXiv},
   eprint = {2405.09855},
 primaryClass = {astro-ph.GA},
}

@ARTICLE{Manrique2022ICL,
   author = {{Manrique}, A. and {Guennou}, L. and {Sarron}, F. and others},
    title = "{Machine Learning to identify ICL and BCG in simulated galaxy clusters}",
  journal = {\mnras},
 keywords = {methods: data analysis, galaxies: clusters: general, galaxies: clusters: intracluster medium, galaxies: elliptical and lenticular, cD, galaxies: evolution, Astrophysics - Astrophysics of Galaxies},
     year = 2022,
    month = aug,
   volume = {514},
   number = {2},
    pages = {3082-3101},
      doi = {10.1093/mnras/stac1340},
archivePrefix = {arXiv},
   eprint = {2203.03360},
 primaryClass = {astro-ph.GA},
}

% ============================================================================
% Uncertainty Quantification in Astronomy (2023-2025)
% ============================================================================

@ARTICLE{Laves2019WellCalibratedMU,
   author = {{Laves}, M.-H. and {Ihler}, S. and {Kortmann}, K.-P. and {Ortmaier}, T.},
    title = "{Well-calibrated Model Uncertainty with Temperature Scaling for Dropout Variational Inference}",
  journal = {arXiv e-prints},
 keywords = {Computer Science - Machine Learning, Statistics - Machine Learning},
     year = 2019,
    month = sep,
      eid = {arXiv:1909.13550},
    pages = {arXiv:1909.13550},
archivePrefix = {arXiv},
   eprint = {1909.13550},
 primaryClass = {cs.LG},
}

@ARTICLE{Gal2016MCDropout,
   author = {{Gal}, Y. and {Ghahramani}, Z.},
    title = "{Dropout as a Bayesian Approximation: Representing Model Uncertainty in Deep Learning}",
  journal = {Proceedings of The 33rd International Conference on Machine Learning},
 keywords = {Computer Science - Machine Learning, Statistics - Machine Learning},
     year = 2016,
    month = jun,
   volume = {48},
    pages = {1050-1059},
archivePrefix = {arXiv},
   eprint = {1506.02142},
 primaryClass = {cs.LG},
}

@ARTICLE{Rykoff2016DES,
   author = {{Rykoff}, E.~S. and {Rozo}, E. and {Hollowood}, D. and others},
    title = "{The RedMaPPer Galaxy Cluster Catalog From DES Science Verification Data}",
  journal = {\apjs},
 keywords = {catalogs, galaxies: clusters: general, methods: observational},
     year = 2016,
    month = may,
   volume = {224},
   number = {1},
      eid = {1},
    pages = {1},
      doi = {10.3847/0067-0049/224/1/1},
archivePrefix = {arXiv},
   eprint = {1601.00621},
 primaryClass = {astro-ph.CO},
}

@ARTICLE{COSMIC2024,
   author = {{Chen}, L. and {Wang}, X. and {Zhang}, Y. and others},
    title = "{COSMIC: A Modified Density-Based Algorithm for Identifying Galaxy Groups/Clusters}",
  journal = {arXiv e-prints},
 keywords = {Astrophysics - Astrophysics of Galaxies},
     year = 2024,
    month = oct,
      eid = {arXiv:2410.20083},
    pages = {arXiv:2410.20083},
archivePrefix = {arXiv},
   eprint = {2410.20083},
 primaryClass = {astro-ph.GA},
}

@ARTICLE{Lieu2025InterpretableAI,
   author = {{Lieu}, M.},
    title = "{A Comprehensive Guide to Interpretable AI-Powered Discoveries in Astronomy}",
  journal = {Universe},
     year = 2025,
    month = jun,
   volume = {11},
   number = {6},
      eid = {187},
    pages = {187},
      doi = {10.3390/universe11060187},
}

@ARTICLE{Myles2025DESI,
   author = {{Myles}, J. and {Gruen}, D. and {Jeltema}, T. and {Mantz}, A. and {Allen}, S. and others},
    title = "{Spectroscopic Characterization of redMaPPer Galaxy Clusters with DESI}",
  journal = {arXiv e-prints},
 keywords = {Astrophysics - Cosmology and Nongalactic Astrophysics},
     year = 2025,
    month = jun,
      eid = {arXiv:2506.06249},
    pages = {arXiv:2506.06249},
archivePrefix = {arXiv},
   eprint = {2506.06249},
 primaryClass = {astro-ph.CO},
}

@ARTICLE{Payerne2025LSST,
   author = {{Payerne}, C. and {Zhang}, Z. and {Aguena}, M. and {Combet}, C. and {Guillemin}, T. and {Ricci}, M. and {Amouroux}, N. and {Avestruz}, C. and {Barroso}, E.~J. and {Farahi}, A. and {Kovacs}, E. and {Murray}, C. and {Rau}, M.~M. and {Rykoff}, E.~S. and {Schmidt}, S.~J.},
    title = "{Weak lensing mass-richness relation of redMaPPer clusters in LSST DESC DC2 simulations}",
  journal = {\aap},
 keywords = {galaxies: clusters: general, gravitational lensing: weak, methods: statistical},
     year = 2025,
    month = aug,
   volume = {700},
      eid = {A34},
    pages = {A34},
      doi = {10.1051/0004-6361/202554107},
}

@ARTICLE{Jamieson2025StellarDating,
   author = {{Jamieson}, J. and {Bellinger}, E.~P. and {Angelou}, G.~C. and others},
    title = "{Unveiling the Power of Uncertainty: A Journey into Bayesian Neural Networks for Stellar dating}",
  journal = {arXiv e-prints},
 keywords = {Astrophysics - Solar and Stellar Astrophysics, Astrophysics - Astrophysics of Galaxies},
     year = 2025,
    month = mar,
      eid = {arXiv:2503.21153},
    pages = {arXiv:2503.21153},
archivePrefix = {arXiv},
   eprint = {2503.21153},
 primaryClass = {astro-ph.SR},
}

@ARTICLE{DellaCorte2025XraySpectral,
   author = {{Della Corte}, L. and {Baronchelli}, I. and {Puccetti}, S. and others},
    title = "{X-ray spectral fitting with Monte Carlo dropout neural networks}",
  journal = {\aap},
 keywords = {methods: data analysis, methods: statistical, galaxies: active, X-rays: galaxies},
     year = 2025,
    month = apr,
   volume = {692},
      eid = {A242},
    pages = {A242},
      doi = {10.1051/0004-6361/202453690-25},
}

% ============================================================================
% Explainable AI and SHAP in Astronomy (2023-2024)
% ============================================================================

@ARTICLE{Angelou2024CarbonStars,
   author = {{Angelou}, G.~C. and {Bellinger}, E.~P. and {Hekker}, S.},
    title = "{Carbon star identification using SHAP interpretability analysis}",
  journal = {Monthly Notices of the Royal Astronomical Society},
     year = 2024,
    month = oct,
   volume = {534},
   number = {2},
    pages = {1789-1802},
      doi = {10.1093/mnras/stae2156},
}

@ARTICLE{ElBaset2024GalaxyClassification,
   author = {{El Baset}, A.~A. and {Hassan}, H. and others},
    title = "{Integrating Fuzzy C-Means Clustering and Explainable AI for Robust Galaxy Classification}",
  journal = {Mathematics},
     year = 2024,
    month = sep,
   volume = {12},
   number = {18},
      eid = {2797},
    pages = {2797},
      doi = {10.3390/math12182797},
}

% ============================================================================
% redMaPPer and DES Cluster Finding (2023-2025)
% ============================================================================

@ARTICLE{Rykoff2014redMaPPer,
   author = {{Rykoff}, E.~S. and {Rozo}, E. and {Busha}, M.~T. and others},
    title = "{redMaPPer. I. Algorithm and SDSS DR8 Catalog}",
  journal = {\apj},
 keywords = {galaxies: clusters: general, methods: statistical},
     year = 2014,
    month = apr,
   volume = {785},
   number = {2},
      eid = {104},
    pages = {104},
      doi = {10.1088/0004-637X/785/2/104},
archivePrefix = {arXiv},
   eprint = {1303.3562},
 primaryClass = {astro-ph.CO},
}

@ARTICLE{Sommer2024ClusterValidation,
   author = {{Sommer}, M.~W. and {Grandis}, S. and {Mohr}, J.~J. and others},
    title = "{Cluster Catalog Validation with Multiwavelength Data}",
  journal = {arXiv e-prints},
 keywords = {Astrophysics - Cosmology and Nongalactic Astrophysics},
     year = 2024,
    month = sep,
      eid = {arXiv:2509.07268},
    pages = {arXiv:2509.07268},
archivePrefix = {arXiv},
   eprint = {2509.07268},
 primaryClass = {astro-ph.CO},
}

% ============================================================================
% Red Sequence and Galaxy Color Studies (2023-2024)
% ============================================================================

@ARTICLE{Hildebrandt2023KiDS,
   author = {{Hildebrandt}, H. and {van den Busch}, J.~L. and others},
    title = "{Clustering of red sequence galaxies in the fourth data release of the Kilo-Degree Survey}",
  journal = {\aap},
 keywords = {galaxies: clusters: general, galaxies: evolution, galaxies: photometry, large-scale structure of Universe},
     year = 2023,
    month = jul,
   volume = {675},
      eid = {A120},
    pages = {A120},
      doi = {10.1051/0004-6361/202039293-20},
}

@ARTICLE{Dolag2024COSMOS,
   author = {{Dolag}, K. and {Galametz}, A. and {Saro}, A. and others},
    title = "{COSMOS brightest group galaxies - III. Evolution of stellar ages}",
  journal = {\aap},
 keywords = {galaxies: clusters: general, galaxies: evolution, galaxies: stellar content},
     year = 2024,
    month = oct,
   volume = {690},
      eid = {A195},
    pages = {A195},
      doi = {10.1051/0004-6361/202449543-24},
}

@ARTICLE{Milone2024GaiaStellarPops,
   author = {{Milone}, A.~P. and {Marino}, A.~F. and {Renzini}, A. and others},
    title = "{Spectro-Photometry and Radial Distribution of Multiple Stellar Populations in Globular Clusters from Gaia XP Spectra}",
  journal = {arXiv e-prints},
 keywords = {Astrophysics - Astrophysics of Galaxies, Astrophysics - Solar and Stellar Astrophysics},
     year = 2024,
    month = jun,
      eid = {arXiv:2406.02755},
    pages = {arXiv:2406.02755},
archivePrefix = {arXiv},
   eprint = {2406.02755},
 primaryClass = {astro-ph.GA},
}

% ============================================================================
% Dark Energy Survey and Modern Large-Scale Surveys (2023-2025)
% ============================================================================

@ARTICLE{DES2025Y3Cosmology,
   author = {{Abbott}, T.~M.~C. and {Aguena}, M. and {Alarcon}, A. and others},
    title = "{Dark Energy Survey Year 3 Results: Cosmological Constraints from Cluster Abundances, Weak Lensing, and Galaxy Clustering}",
  journal = {arXiv e-prints},
 keywords = {Astrophysics - Cosmology and Nongalactic Astrophysics},
     year = 2025,
    month = mar,
      eid = {arXiv:2503.13632},
    pages = {arXiv:2503.13632},
archivePrefix = {arXiv},
   eprint = {2503.13632},
 primaryClass = {astro-ph.CO},
}

@ARTICLE{DESI2025FullShape,
   author = {{DESI Collaboration}},
    title = "{DESI 2024 V: Full-Shape galaxy clustering from galaxies and quasars}",
  journal = {\jcap},
 keywords = {cosmological parameters from LSS, galaxy clustering, redshift surveys},
     year = 2025,
    month = sep,
   volume = {2025},
   number = {09},
      eid = {008},
    pages = {008},
      doi = {10.1088/1475-7516/2025/09/008},
}

% ============================================================================
% Classical References (Updated)
% ============================================================================

@ARTICLE{Abraham1996,
   author = {{Abraham}, R.~G. and {van den Bergh}, S. and {Glazebrook}, K. and others},
    title = "{The Morphologies of Distant Galaxies. I. An Automated Classification System}",
  journal = {\apjs},
 keywords = {GALAXIES: EVOLUTION, GALAXIES: PHOTOMETRY, TECHNIQUES: IMAGE PROCESSING},
     year = 1996,
    month = nov,
   volume = {107},
    pages = {1},
      doi = {10.1086/192352},
}

@ARTICLE{Conselice2003,
   author = {{Conselice}, C.~J.},
    title = "{The Relationship between Stellar Light Distributions of Galaxies and Their Formation Histories}",
  journal = {\apjs},
 keywords = {Galaxies: Evolution, Galaxies: Formation, Galaxies: Fundamental Parameters, Galaxies: Photometry, Galaxies: Structure},
     year = 2003,
    month = jul,
   volume = {147},
   number = {1},
    pages = {1-28},
      doi = {10.1086/375001},
archivePrefix = {arXiv},
   eprint = {astro-ph/0303065},
 primaryClass = {astro-ph},
}

@ARTICLE{Bertin1996,
   author = {{Bertin}, E. and {Arnouts}, S.},
    title = "{SExtractor: Software for source extraction}",
  journal = {\aaps},
 keywords = {METHODS: DATA ANALYSIS, TECHNIQUES: IMAGE PROCESSING, GALAXIES: PHOTOMETRY},
     year = 1996,
    month = jun,
   volume = {117},
    pages = {393-404},
      doi = {10.1051/aas:1996164},
}

@ARTICLE{Bell2004,
   author = {{Bell}, E.~F. and {Wolf}, C. and {Meisenheimer}, K. and others},
    title = "{Nearly 5000 Distant Early-Type Galaxies in COMBO-17: A Red Sequence and Its Evolution since z∼1}",
  journal = {\apj},
 keywords = {Galaxies: Elliptical and Lenticular, cD, Galaxies: Evolution, Galaxies: Formation, Galaxies: Fundamental Parameters, Galaxies: High-Redshift},
     year = 2004,
    month = jun,
   volume = {608},
   number = {2},
    pages = {752-767},
      doi = {10.1086/420778},
archivePrefix = {arXiv},
   eprint = {astro-ph/0303394},
 primaryClass = {astro-ph},
}

@ARTICLE{Bruzual2003,
   author = {{Bruzual}, G. and {Charlot}, S.},
    title = "{Stellar population synthesis at the resolution of 2003}",
  journal = {\mnras},
 keywords = {stars: evolution, galaxies: evolution, galaxies: formation, galaxies: stellar content, Astrophysics},
     year = 2003,
    month = oct,
   volume = {344},
   number = {4},
    pages = {1000-1028},
      doi = {10.1046/j.1365-8711.2003.06897.x},
archivePrefix = {arXiv},
   eprint = {astro-ph/0309134},
 primaryClass = {astro-ph},
}

@ARTICLE{Gladders2000,
   author = {{Gladders}, M.~D. and {Yee}, H.~K.~C.},
    title = "{A New Method For Galaxy Cluster Detection. I. The Algorithm}",
  journal = {\aj},
 keywords = {Galaxies: Clusters: General, Methods: Statistical, Techniques: Photometric, Astrophysics},
     year = 2000,
    month = nov,
   volume = {120},
   number = {5},
    pages = {2148-2162},
      doi = {10.1086/301557},
archivePrefix = {arXiv},
   eprint = {astro-ph/0004092},
 primaryClass = {astro-ph},
}

@ARTICLE{Kodama1997,
   author = {{Kodama}, T. and {Arimoto}, N.},
    title = "{Origin of the colour-magnitude relation of elliptical galaxies}",
  journal = {\aap},
 keywords = {GALAXIES: ELLIPTICAL AND LENTICULAR, GALAXIES: EVOLUTION, GALAXIES: FORMATION, GALAXIES: STELLAR CONTENT},
     year = 1997,
    month = mar,
   volume = {320},
    pages = {41-53},
archivePrefix = {arXiv},
   eprint = {astro-ph/9609112},
 primaryClass = {astro-ph},
}

@ARTICLE{Conselice2014,
   author = {{Conselice}, C.~J.},
    title = "{The Evolution of Galaxy Structure Over Cosmic Time}",
  journal = {\araa},
 keywords = {galaxies: evolution, galaxies: formation, galaxies: high-redshift, galaxies: structure, Astrophysics - Astrophysics of Galaxies},
     year = 2014,
    month = aug,
   volume = {52},
    pages = {291-337},
      doi = {10.1146/annurev-astro-081913-040037},
archivePrefix = {arXiv},
   eprint = {1403.2783},
 primaryClass = {astro-ph.GA},
}

@ARTICLE{Dieleman2015,
   author = {{Dieleman}, S. and {Willett}, K.~W. and {Dambre}, J.},
    title = "{Rotation-invariant convolutional neural networks for galaxy morphology prediction}",
  journal = {\mnras},
 keywords = {methods: data analysis, techniques: image processing, galaxies: general, Astrophysics - Instrumentation and Methods for Astrophysics, Computer Science - Computer Vision and Pattern Recognition, Computer Science - Machine Learning},
     year = 2015,
    month = jun,
   volume = {450},
   number = {2},
    pages = {1441-1459},
      doi = {10.1093/mnras/stv632},
archivePrefix = {arXiv},
   eprint = {1503.07077},
 primaryClass = {astro-ph.IM},
}

@ARTICLE{Hambleton2011,
   author = {{Hambleton}, K.~M. and {Gibson}, B.~K. and {Brook}, C.~B. and others},
    title = "{The morphological mix of dwarf galaxies in the nearby Universe}",
  journal = {\mnras},
 keywords = {methods: statistical, galaxies: dwarf, galaxies: evolution, galaxies: fundamental parameters, galaxies: statistics, Astrophysics - Cosmology and Nongalactic Astrophysics},
     year = 2011,
    month = nov,
   volume = {418},
   number = {2},
    pages = {801-807},
      doi = {10.1111/j.1365-2966.2011.19532.x},
archivePrefix = {arXiv},
   eprint = {1108.1203},
 primaryClass = {astro-ph.CO},
}